[
  {
    "time": "2018-03-22T02:33:39.301Z",
    "trade_id": 31000199,
    "price": "575.00000000",
    "size": "0.08310000",
    "side": "sell"
  },
  {
    "time": "2018-03-22T02:33:28.416Z",
    "trade_id": 31000198,
    "price": "575.00000000",
    "size": "1.31880884",
    "side": "sell"
  },
  {
    "time": "2018-03-22T02:33:28.416Z",
    "trade_id": 31000197,
    "price": "575.00000000",
    "size": "0.01304300",
    "side": "sell"
  },
  {
    "time": "2018-03-22T02:33:28.416Z",
    "trade_id": 31000196,
    "price": "575.00000000",
    "size": "0.02521200",
    "side": "sell"
  },
  {
    "time": "2018-03-22T02:33:28.416Z",
    "trade_id": 31000195,
    "price": "575.00000000",
    "size": "0.97613616",
    "side": "sell"
  },
  {
    "time": "2018-03-22T02:33:19.325Z",
    "trade_id": 31000194,
    "price": "575.00000000",
    "size": "8.40000000",
    "side": "sell"
  },
  {
    "time": "2018-03-22T02:33:19.325Z",
    "trade_id": 31000193,
    "price": "575.00000000",
    "size": "3.20000000",
    "side": "sell"
  },
  {
    "time": "2018-03-22T02:33:11.044Z",
    "trade_id": 31000192,
    "price": "575.00000000",
    "size": "0.05118557",
    "side": "sell"
  },
  {
    "time": "2018-03-22T02:33:09.767Z",
    "trade_id": 31000191,
    "price": "575.00000000",
    "size": "0.37267827",
    "side": "sell"
  },
  {
    "time": "2018-03-22T02:33:09.767Z",
    "trade_id": 31000190,
    "price": "575.00000000",
    "size": "0.25000000",
    "side": "sell"
  },
  {
    "time": "2018-03-22T02:33:09.767Z",
    "trade_id": 31000189,
    "price": "575.00000000",
    "size": "0.10000000",
    "side": "sell"
  },
  {
    "time": "2018-03-22T02:33:09.767Z",
    "trade_id": 31000188,
    "price": "575.00000000",
    "size": "0.14428605",
    "side": "sell"
  },
  {
    "time": "2018-03-22T02:33:03.856Z",
    "trade_id": 31000187,
    "price": "575.00000000",
    "size": "0.89670000",
    "side": "sell"
  },
  {
    "time": "2018-03-22T02:32:52.393Z",
    "trade_id": 31000186,
    "price": "574.99000000",
    "size": "5.01260000",
    "side": "buy"
  },
  {
    "time": "2018-03-22T02:32:44.382Z",
    "trade_id": 31000185,
    "price": "575.00000000",
    "size": "0.25985149",
    "side": "sell"
  },
  {
    "time": "2018-03-22T02:32:44.382Z",
    "trade_id": 31000184,
    "price": "575.00000000",
    "size": "4.76854159",
    "side": "sell"
  },
  {
    "time": "2018-03-22T02:32:40.661Z",
    "trade_id": 31000183,
    "price": "575.00000000",
    "size": "0.20877000",
    "side": "sell"
  },
  {
    "time": "2018-03-22T02:32:40.661Z",
    "trade_id": 31000182,
    "price": "575.00000000",
    "size": "0.50000000",
    "side": "sell"
  },
  {
    "time": "2018-03-22T02:32:40.661Z",
    "trade_id": 31000181,
    "price": "575.00000000",
    "size": "0.80000000",
    "side": "sell"
  },
  {
    "time": "2018-03-22T02:32:40.661Z",
    "trade_id": 31000180,
    "price": "575.00000000",
    "size": "1.00000000",
    "side": "sell"
  },
  {
    "time": "2018-03-22T02:32:40.661Z",
    "trade_id": 31000179,
    "price": "574.99000000",
    "size": "0.01826000",
    "side": "sell"
  },
  {
    "time": "2018-03-22T02:32:40.661Z",
    "trade_id": 31000178,
    "price": "574.99000000",
    "size": "0.03391000",
    "side": "sell"
  },
  {
    "time": "2018-03-22T02:32:40.661Z",
    "trade_id": 31000177,
    "price": "574.98000000",
    "size": "0.01303800",
    "side": "sell"
  },
  {
    "time": "2018-03-22T02:32:40.661Z",
    "trade_id": 31000176,
    "price": "574.97000000",
    "size": "0.01999700",
    "side": "sell"
  },
  {
    "time": "2018-03-22T02:32:40.661Z",
    "trade_id": 31000175,
    "price": "574.96000000",
    "size": "0.03391500",
    "side": "sell"
  },
  {
    "time": "2018-03-22T02:32:40.661Z",
    "trade_id": 31000174,
    "price": "574.95000000",
    "size": "0.03217500",
    "side": "sell"
  },
  {
    "time": "2018-03-22T02:32:40.661Z",
    "trade_id": 31000173,
    "price": "574.93000000",
    "size": "0.03000000",
    "side": "sell"
  },
  {
    "time": "2018-03-22T02:32:40.661Z",
    "trade_id": 31000172,
    "price": "574.92000000",
    "size": "0.02000000",
    "side": "sell"
  },
  {
    "time": "2018-03-22T02:32:40.661Z",
    "trade_id": 31000171,
    "price": "574.92000000",
    "size": "0.02521800",
    "side": "sell"
  },
  {
    "time": "2018-03-22T02:32:40.661Z",
    "trade_id": 31000170,
    "price": "574.92000000",
    "size": "0.01652300",
    "side": "sell"
  },
  {
    "time": "2018-03-22T02:32:40.661Z",
    "trade_id": 31000169,
    "price": "574.92000000",
    "size": "0.01304300",
    "side": "sell"
  },
  {
    "time": "2018-03-22T02:32:40.661Z",
    "trade_id": 31000168,
    "price": "574.92000000",
    "size": "0.02173900",
    "side": "sell"
  },
  {
    "time": "2018-03-22T02:32:40.661Z",
    "trade_id": 31000167,
    "price": "574.92000000",
    "size": "0.01130200",
    "side": "sell"
  },
  {
    "time": "2018-03-22T02:32:40.661Z",
    "trade_id": 31000166,
    "price": "574.92000000",
    "size": "0.01130300",
    "side": "sell"
  },
  {
    "time": "2018-03-22T02:32:40.661Z",
    "trade_id": 31000165,
    "price": "574.92000000",
    "size": "0.01013000",
    "side": "sell"
  },
  {
    "time": "2018-03-22T02:32:40.661Z",
    "trade_id": 31000164,
    "price": "574.92000000",
    "size": "0.03217500",
    "side": "sell"
  },
  {
    "time": "2018-03-22T02:32:40.661Z",
    "trade_id": 31000163,
    "price": "574.92000000",
    "size": "0.01130200",
    "side": "sell"
  },
  {
    "time": "2018-03-22T02:32:16.442Z",
    "trade_id": 31000162,
    "price": "574.92000000",
    "size": "1.00060000",
    "side": "sell"
  },
  {
    "time": "2018-03-22T02:32:12.292Z",
    "trade_id": 31000161,
    "price": "574.92000000",
    "size": "0.08670849",
    "side": "sell"
  },
  {
    "time": "2018-03-22T02:32:11.404Z",
    "trade_id": 31000160,
    "price": "574.92000000",
    "size": "0.27880799",
    "side": "sell"
  },
  {
    "time": "2018-03-22T02:32:11.404Z",
    "trade_id": 31000159,
    "price": "574.90000000",
    "size": "0.30000000",
    "side": "sell"
  },
  {
    "time": "2018-03-22T02:32:11.404Z",
    "trade_id": 31000158,
    "price": "574.85000000",
    "size": "0.01000000",
    "side": "sell"
  },
  {
    "time": "2018-03-22T02:32:11.404Z",
    "trade_id": 31000157,
    "price": "574.84000000",
    "size": "0.01304600",
    "side": "sell"
  },
  {
    "time": "2018-03-22T02:32:11.404Z",
    "trade_id": 31000156,
    "price": "574.83000000",
    "size": "0.01304500",
    "side": "sell"
  },
  {
    "time": "2018-03-22T02:32:11.404Z",
    "trade_id": 31000155,
    "price": "574.82000000",
    "size": "0.01826200",
    "side": "sell"
  },
  {
    "time": "2018-03-22T02:32:11.404Z",
    "trade_id": 31000154,
    "price": "574.81000000",
    "size": "0.03392300",
    "side": "sell"
  },
  {
    "time": "2018-03-22T02:32:11.404Z",
    "trade_id": 31000153,
    "price": "574.80000000",
    "size": "0.01652600",
    "side": "sell"
  },
  {
    "time": "2018-03-22T02:32:11.404Z",
    "trade_id": 31000152,
    "price": "574.56000000",
    "size": "0.01007000",
    "side": "sell"
  },
  {
    "time": "2018-03-22T02:32:11.404Z",
    "trade_id": 31000151,
    "price": "574.56000000",
    "size": "0.00002292",
    "side": "sell"
  },
  {
    "time": "2018-03-22T02:32:06.048Z",
    "trade_id": 31000150,
    "price": "574.55000000",
    "size": "0.26740000",
    "side": "buy"
  },
  {
    "time": "2018-03-22T02:32:02.991Z",
    "trade_id": 31000149,
    "price": "574.55000000",
    "size": "1.04073762",
    "side": "buy"
  },
  {
    "time": "2018-03-22T02:32:02.914Z",
    "trade_id": 31000148,
    "price": "574.56000000",
    "size": "0.52383319",
    "side": "sell"
  },
  {
    "time": "2018-03-22T02:32:02.914Z",
    "trade_id": 31000147,
    "price": "574.56000000",
    "size": "0.00006681",
    "side": "sell"
  },
  {
    "time": "2018-03-22T02:32:02.564Z",
    "trade_id": 31000146,
    "price": "574.56000000",
    "size": "0.01006319",
    "side": "sell"
  },
  {
    "time": "2018-03-22T02:32:02.564Z",
    "trade_id": 31000145,
    "price": "574.56000000",
    "size": "0.00023681",
    "side": "sell"
  },
  {
    "time": "2018-03-22T02:32:02.158Z",
    "trade_id": 31000144,
    "price": "574.56000000",
    "size": "0.02151519",
    "side": "sell"
  },
  {
    "time": "2018-03-22T02:32:02.158Z",
    "trade_id": 31000143,
    "price": "574.55000000",
    "size": "0.00018481",
    "side": "sell"
  },
  {
    "time": "2018-03-22T02:32:01.919Z",
    "trade_id": 31000142,
    "price": "574.55000000",
    "size": "0.01634719",
    "side": "sell"
  },
  {
    "time": "2018-03-22T02:32:01.919Z",
    "trade_id": 31000141,
    "price": "574.54000000",
    "size": "0.00015281",
    "side": "sell"
  },
  {
    "time": "2018-03-22T02:32:01.843Z",
    "trade_id": 31000140,
    "price": "574.54000000",
    "size": "0.01043719",
    "side": "sell"
  },
  {
    "time": "2018-03-22T02:32:01.843Z",
    "trade_id": 31000139,
    "price": "574.54000000",
    "size": "0.00036281",
    "side": "sell"
  },
  {
    "time": "2018-03-22T02:32:00.34Z",
    "trade_id": 31000138,
    "price": "574.54000000",
    "size": "0.01094519",
    "side": "sell"
  },
  {
    "time": "2018-03-22T02:32:00.34Z",
    "trade_id": 31000137,
    "price": "574.53000000",
    "size": "0.02001200",
    "side": "sell"
  },
  {
    "time": "2018-03-22T02:32:00.34Z",
    "trade_id": 31000136,
    "price": "574.52000000",
    "size": "0.00034281",
    "side": "sell"
  },
  {
    "time": "2018-03-22T02:32:00.237Z",
    "trade_id": 31000135,
    "price": "574.52000000",
    "size": "0.01792919",
    "side": "sell"
  },
  {
    "time": "2018-03-22T02:32:00.237Z",
    "trade_id": 31000134,
    "price": "574.51000000",
    "size": "0.00027081",
    "side": "sell"
  },
  {
    "time": "2018-03-22T02:32:00.235Z",
    "trade_id": 31000133,
    "price": "574.51000000",
    "size": "0.01626019",
    "side": "sell"
  },
  {
    "time": "2018-03-22T02:32:00.235Z",
    "trade_id": 31000132,
    "price": "574.50000000",
    "size": "0.00023981",
    "side": "sell"
  },
  {
    "time": "2018-03-22T02:32:00.229Z",
    "trade_id": 31000131,
    "price": "574.50000000",
    "size": "0.02499619",
    "side": "sell"
  },
  {
    "time": "2018-03-22T02:32:00.229Z",
    "trade_id": 31000130,
    "price": "574.49000000",
    "size": "0.00030381",
    "side": "sell"
  },
  {
    "time": "2018-03-22T02:32:00.209Z",
    "trade_id": 31000129,
    "price": "574.49000000",
    "size": "0.06496719",
    "side": "sell"
  },
  {
    "time": "2018-03-22T02:32:00.209Z",
    "trade_id": 31000128,
    "price": "574.48000000",
    "size": "0.00023281",
    "side": "sell"
  },
  {
    "time": "2018-03-22T02:32:00.208Z",
    "trade_id": 31000127,
    "price": "574.48000000",
    "size": "0.01630319",
    "side": "sell"
  },
  {
    "time": "2018-03-22T02:32:00.208Z",
    "trade_id": 31000126,
    "price": "574.47000000",
    "size": "0.00019681",
    "side": "sell"
  },
  {
    "time": "2018-03-22T02:32:00.093Z",
    "trade_id": 31000125,
    "price": "574.47000000",
    "size": "0.01111219",
    "side": "sell"
  },
  {
    "time": "2018-03-22T02:32:00.093Z",
    "trade_id": 31000124,
    "price": "574.40000000",
    "size": "0.00018781",
    "side": "sell"
  },
  {
    "time": "2018-03-22T02:32:00.089Z",
    "trade_id": 31000123,
    "price": "574.40000000",
    "size": "0.01076219",
    "side": "sell"
  },
  {
    "time": "2018-03-22T02:32:00.089Z",
    "trade_id": 31000122,
    "price": "574.40000000",
    "size": "5.00000000",
    "side": "sell"
  },
  {
    "time": "2018-03-22T02:32:00.089Z",
    "trade_id": 31000121,
    "price": "574.40000000",
    "size": "0.02872400",
    "side": "sell"
  },
  {
    "time": "2018-03-22T02:32:00.089Z",
    "trade_id": 31000120,
    "price": "574.40000000",
    "size": "0.82939276",
    "side": "sell"
  },
  {
    "time": "2018-03-22T02:32:00.089Z",
    "trade_id": 31000119,
    "price": "574.40000000",
    "size": "0.56702105",
    "side": "sell"
  },
  {
    "time": "2018-03-22T02:31:54.557Z",
    "trade_id": 31000118,
    "price": "574.40000000",
    "size": "0.62930000",
    "side": "sell"
  },
  {
    "time": "2018-03-22T02:31:43.511Z",
    "trade_id": 31000117,
    "price": "574.39000000",
    "size": "0.74890000",
    "side": "buy"
  },
  {
    "time": "2018-03-22T02:31:38.018Z",
    "trade_id": 31000116,
    "price": "574.39000000",
    "size": "0.15000000",
    "side": "buy"
  },
  {
    "time": "2018-03-22T02:31:31.658Z",
    "trade_id": 31000115,
    "price": "574.40000000",
    "size": "3.79547895",
    "side": "sell"
  },
  {
    "time": "2018-03-22T02:31:31.658Z",
    "trade_id": 31000114,
    "price": "574.39000000",
    "size": "0.01653500",
    "side": "sell"
  },
  {
    "time": "2018-03-22T02:31:31.658Z",
    "trade_id": 31000113,
    "price": "574.37000000",
    "size": "0.15000000",
    "side": "sell"
  },
  {
    "time": "2018-03-22T02:31:31.658Z",
    "trade_id": 31000112,
    "price": "574.37000000",
    "size": "0.01827800",
    "side": "sell"
  },
  {
    "time": "2018-03-22T02:31:31.658Z",
    "trade_id": 31000111,
    "price": "574.37000000",
    "size": "0.01083000",
    "side": "sell"
  },
  {
    "time": "2018-03-22T02:31:31.658Z",
    "trade_id": 31000110,
    "price": "574.37000000",
    "size": "1.46607805",
    "side": "sell"
  },
  {
    "time": "2018-03-22T02:31:19.435Z",
    "trade_id": 31000109,
    "price": "574.37000000",
    "size": "0.53392195",
    "side": "sell"
  },
  {
    "time": "2018-03-22T02:31:19.435Z",
    "trade_id": 31000108,
    "price": "574.36000000",
    "size": "0.01131300",
    "side": "sell"
  },
  {
    "time": "2018-03-22T02:31:19.435Z",
    "trade_id": 31000107,
    "price": "574.36000000",
    "size": "0.02698500",
    "side": "sell"
  },
  {
    "time": "2018-03-22T02:31:19.435Z",
    "trade_id": 31000106,
    "price": "574.36000000",
    "size": "0.01085000",
    "side": "sell"
  },
  {
    "time": "2018-03-22T02:31:19.435Z",
    "trade_id": 31000105,
    "price": "574.36000000",
    "size": "0.02643005",
    "side": "sell"
  },
  {
    "time": "2018-03-22T02:31:15.94Z",
    "trade_id": 31000104,
    "price": "574.35000000",
    "size": "0.17000000",
    "side": "buy"
  },
  {
    "time": "2018-03-22T02:31:06.076Z",
    "trade_id": 31000103,
    "price": "574.36000000",
    "size": "0.52888981",
    "side": "sell"
  },
  {
    "time": "2018-03-22T02:31:06.076Z",
    "trade_id": 31000102,
    "price": "574.36000000",
    "size": "1.01512619",
    "side": "sell"
  },
  {
    "time": "2018-03-22T02:31:06.076Z",
    "trade_id": 31000101,
    "price": "574.35000000",
    "size": "0.02350300",
    "side": "sell"
  },
  {
    "time": "2018-03-22T02:31:06.076Z",
    "trade_id": 31000100,
    "price": "574.34000000",
    "size": "0.01131400",
    "side": "sell"
  }
]
